<?xml version="1.0" encoding="UTF-8"?><record xmlns="http://www.loc.gov/MARC21/slim" xmlns:cinclude="http://apache.org/cocoon/include/1.0" xmlns:zs="http://www.loc.gov/zing/srw/">
  <leader>00445cz  a2200133n  4500</leader>
  <controlfield tag="001">n  84803297 </controlfield>
  <controlfield tag="003">DLC</controlfield>
  <controlfield tag="005">20060308094006.0</controlfield>
  <controlfield tag="008">840725n| acannaabn          |a aad      </controlfield>
  <datafield tag="010" ind1=" " ind2=" ">
    <subfield code="a">n  84803297 </subfield>
  </datafield>
  <datafield tag="040" ind1=" " ind2=" ">
    <subfield code="a">DLC</subfield>
    <subfield code="c">DLC</subfield>
    <subfield code="d">DLC</subfield>
  </datafield>
  <datafield tag="100" ind1="1" ind2=" ">
    <subfield code="a">Balthasar, Hans Urs von,</subfield>
    <subfield code="d">1905-1988.</subfield>
    <subfield code="t">Glaubhaft ist nur Liebe.</subfield>
    <subfield code="l">French</subfield>
  </datafield>
  <datafield tag="400" ind1="1" ind2=" ">
    <subfield code="a">Balthasar, Hans Urs von,</subfield>
    <subfield code="d">1905-1988.</subfield>
    <subfield code="t">Amour seul est digne de foi</subfield>
  </datafield>
  <datafield tag="670" ind1=" " ind2=" ">
    <subfield code="a">nuc84-843: His L'amour seul est digne de foi, 1981.</subfield>
  </datafield>
</record>